%%%%%%%%%%%%%%%%%%%%%%%%%%%%%%%%%%%%%%%%%%%%%%%%%%%%%%%%%%%%%%%%%%%%%%%%%%%%%%
% 3. Тезисы доклада (конференция, 2024, стр. 1271)
%%%%%%%%%%%%%%%%%%%%%%%%%%%%%%%%%%%%%%%%%%%%%%%%%%%%%%%%%%%%%%%%%%%%%%%%%%%%%%
@inproceedings{pub3,
  author     = {Шейкин, М.О.},
  title      = {Применение алгоритмов скользящего управления в пневматических системах позиционирования},
  booktitle  = {Радиоэлектроника, электротехника и энергетика. Тезисы докладов Тридцатой международной научно-технической конференции студентов и аспирантов},
  publisher = {ООО <<Центр полиграфических услуг <<РАДУГА>>},
  address = {Москва},
  year       = {2024},
  pages      = {1271},
  language   = {russian},
  authorconf = {true},
}

%%%%%%%%%%%%%%%%%%%%%%%%%%%%%%%%%%%%%%%%%%%%%%%%%%%%%%%%%%%%%%%%%%%%%%%%%%%%%%
% 4. Статья в журнале (2024, Вестник МГТУ им. Баумана)
%%%%%%%%%%%%%%%%%%%%%%%%%%%%%%%%%%%%%%%%%%%%%%%%%%%%%%%%%%%%%%%%%%%%%%%%%%%%%%
@article{pub4,
  author       = {Шейкин, М.О. and Черкасских, С.Н. and Шилин, Д.В. and Феденков, В.В.},
  title        = {Управление электропневматическим приводом на основе нечеткой логики},
  journal      = {Вестник Московского государственного технического университета им. Н.Э. Баумана. Серия Машиностроение},
  year         = {2024},
  address = {Москва},
  volume       = {148},
  number       = {1},
  pages        = {110--127},
  language     = {russian},
  authorvak = {true},
}

%%%%%%%%%%%%%%%%%%%%%%%%%%%%%%%%%%%%%%%%%%%%%%%%%%%%%%%%%%%%%%%%%%%%%%%%%%%%%%
% 6. Статья в журнале (2024, Гидравлика)
%%%%%%%%%%%%%%%%%%%%%%%%%%%%%%%%%%%%%%%%%%%%%%%%%%%%%%%%%%%%%%%%%%%%%%%%%%%%%%
@article{pub6,
  author       = {Шейкин, М.О. and Черкасских, С.Н. and Шилин, Д.В.},
  title        = {Применение управления в скользящих режимах в пневмоприводе},
  journal      = {Гидравлика},
  year         = {2024},
  number       = {23},
  pages        = {24--32},
  language     = {russian},
  authorother  = {true},
}


%%%%%%%%%%%%%%%%%%%%%%%%%%%%%%%%%%%%%%%%%%%%%%%%%%%%%%%%%%%%%%%%%%%%%%%%%%%%%%
% 8. Тезисы доклада (конференция, 2023, стр. 278--283)
%%%%%%%%%%%%%%%%%%%%%%%%%%%%%%%%%%%%%%%%%%%%%%%%%%%%%%%%%%%%%%%%%%%%%%%%%%%%%%
@inproceedings{pub8,
  author     = {Шейкин, М.О. and Черкасских, С.Н. and Шилин, Д.В.},
  title      = {Применение управления в скользящих режимах для позиционного пневмопривода},
  booktitle  = {Гидравлические и теплотехнические системы и агрегаты. Сборник материалов и докладов XXVII Международной научно-технической конференции},
  publisher = {ООО <<Издательство <<Мир науки>>},
  address = {Москва},
  year       = {2023},
  pages      = {278--283},
  language   = {russian},
  authorconf = {true},
}

%%%%%%%%%%%%%%%%%%%%%%%%%%%%%%%%%%%%%%%%%%%%%%%%%%%%%%%%%%%%%%%%%%%%%%%%%%%%%%
% 13. Тезисы доклада (конференция, 2022, стр. 219--223)
%%%%%%%%%%%%%%%%%%%%%%%%%%%%%%%%%%%%%%%%%%%%%%%%%%%%%%%%%%%%%%%%%%%%%%%%%%%%%%
@inproceedings{pub13,
  author     = {Шейкин, М.О. and Ляпин, В.Ю. and Шилин, Д.В. and Черкасских, С.Н.},
  title      = {Применение скользящего управления для управления позиционным пневмоприводом},
  booktitle  = {Гидравлические машины, гидроприводы и гидропневмоавтоматика. XXVI Международная научно-техническая конференция. Министерство науки и высшего образования Российской Федерации, ФГБОУ ВО «Национальный исследовательский университет «МЭИ»},
  publisher = {ООО <<Издательство <<Мир науки>>},
  address = {Москва},
  year       = {2022},
  pages      = {219--223},
  language   = {russian},
  authorconf = {true},
}

%%%%%%%%%%%%%%%%%%%%%%%%%%%%%%%%%%%%%%%%%%%%%%%%%%%%%%%%%%%%%%%%%%%%%%%%%%%%%%
% 14. Тезисы доклада (конференция, 2022, стр. 257--267)
%%%%%%%%%%%%%%%%%%%%%%%%%%%%%%%%%%%%%%%%%%%%%%%%%%%%%%%%%%%%%%%%%%%%%%%%%%%%%%
@inproceedings{pub14,
  author     = {Шейкин, М.О. and Черкасских, С.Н.},
  title      = {Экспериментальное исследование пневмопривода с регулятором нечеткой логики},
  booktitle  = {Гидравлические машины, гидроприводы и гидропневмоавтоматика. Современное состояние и перспективы развития. Сборник статей XII Всероссийской научно-технической конференции},
  publisher = {Политех-пресс},
  address = {Санкт-Петербург},
  year       = {2022},
  pages      = {257--267},
  language   = {russian},
  authorconf = {true},
}


%%%%%%%%%%%%%%%%%%%%%%%%%%%%%%%%%%%%%%%%%%%%%%%%%%%%%%%%%%%%%%%%%%%%%%%%%%%%%%
% 16. Тезисы доклада (конференция, 2022, стр. 916)
%%%%%%%%%%%%%%%%%%%%%%%%%%%%%%%%%%%%%%%%%%%%%%%%%%%%%%%%%%%%%%%%%%%%%%%%%%%%%%
@inproceedings{pub16,
  author     = {Шейкин, М.О.},
  title      = {Использование интеллектуального управления в гидро- и пневмоприводах},
  booktitle  = {Радиоэлектроника, электротехника и энергетика. Тезисы докладов Двадцатой восьмой международной научно-технической конференции студентов и аспирантов},
  publisher = {ООО <<Центр полиграфических услуг <<РАДУГА>>},
  address = {Москва},
  year       = {2022},
  pages      = {916},
  language   = {russian},
  authorconf = {true},
}

%%%%%%%%%%%%%%%%%%%%%%%%%%%%%%%%%%%%%%%%%%%%%%%%%%%%%%%%%%%%%%%%%%%%%%%%%%%%%%
% 18. Тезисы доклада (конференция, 2021, стр. 268--270)
%%%%%%%%%%%%%%%%%%%%%%%%%%%%%%%%%%%%%%%%%%%%%%%%%%%%%%%%%%%%%%%%%%%%%%%%%%%%%%
@inproceedings{pub18,
  author     = {Шейкин, М.О. and Черкасских, С.Н. and Шилин, Д.В.},
  title      = {Интеллектуальные методы управления гидро- и пневмоприводом},
  booktitle  = {Гидравлические машины, гидроприводы и гидропневмоавтоматика. Материалы XXV Международной научно-технической конференции, посвященной 75-летию кафедры «Гидромеханики и гидравлических машин им. В.С. Квятковского» Национального исследовательского университета «МЭИ»},
  publisher = {ООО <<Центр полиграфических услуг <<РАДУГА>>},
  address = {Москва},
  year       = {2021},
  pages      = {268--270},
  language   = {russian},
  authorconf = {true},
}

%%%%%%%%%%%%%%%%%%%%%%%%%%%%%%%%%%%%%%%%%%%%%%%%%%%%%%%%%%%%%%%%%%%%%%%%%%%%%%
% 19. Тезисы доклада (конференция, 2021, стр. 271--279)
%%%%%%%%%%%%%%%%%%%%%%%%%%%%%%%%%%%%%%%%%%%%%%%%%%%%%%%%%%%%%%%%%%%%%%%%%%%%%%
@inproceedings{pub19,
  author     = {Шейкин, М.О. and Шилин, Д.В.},
  title      = {Электропневматический привод с регулятором нечеткой логики},
  booktitle  = {Гидравлические машины, гидроприводы и гидропневмоавтоматика. Материалы XXV Международной научно-технической конференции, посвященной 75-летию кафедры «Гидромеханики и гидравлических машин им. В.С. Квятковского» Национального исследовательского университета «МЭИ»},
  publisher = {ООО <<Издательство <<Мир науки>>},
  address = {Москва},
  year       = {2021},
  pages      = {271--279},
  language   = {russian},
  authorconf = {true},
}

%%%%%%%%%%%%%%%%%%%%%%%%%%%%%%%%%%%%%%%%%%%%%%%%%%%%%%%%%%%%%%%%%%%%%%%%%%%%%%
% 21. Статья 
%%%%%%%%%%%%%%%%%%%%%%%%%%%%%%%%%%%%%%%%%%%%%%%%%%%%%%%%%%%%%%%%%%%%%%%%%%%%%%
@article{pub21,
  author       = {Шейкин, М.О. and Черкасских, С.Н. and Шилин, Д.В. and Феденков, В.В.},
  title        = {Использование суррогатных моделей при построении множества Парето позиционного электропневматического привода с дискретными пневмораспределителями},
  journal      = {Advanced Engineering Research (Rostov-on-Don)},
  year         = {2025},
  volume       = {25},
  number       = {1},
  pages        = {52--64},
  language     = {russian},
  authorvak = {true},
}

@article{pub22,
  author       = {Шейкин, М.О. and Черкасских, С.Н. and Шилин, Д.В. and Феденков, В.В.},
  title        = {Определение предельных возможностей различных структур электропневматических приводов с дискретными пневмораспределителями и скользящим управлением},
  journal      = {Турбины и Дизели},
  year         = {2025},
  volume       = {119},
  number       = {2},
  pages        = {52--64},
  language     = {russian},
  authorvak = {true},
}


% @inproceedings{confbib1,
%   author = {Фамилия, И. О.},
%   title = {название тезисов конференции},
%   booktitle = {Название сборника},
%   year = {2015},
%   language = {russian},
%   authorconf = {true},
% }

% @CONFERENCE{confbib2,
%   author = {Фамилия, И. О.},
%   title = {название тезисов конференции},
%   booktitle = {Название сборника},
%   year = {2015},
%   language = {russian},
%   authorconf = {true},
% }

% @ARTICLE{bib1,
%   author = {Фамилия, И. О.},
%   title = {Название статьи},
%   journal = {Журнал},
%   year = {2012},
%   volume = {1},
%   pages = {100},
%   language = {russian},
%   authorother = {true},
%   authorconf = {true},
% }

% @CONFERENCE{bib2,
%   author = {Фамилия, И. О.},
%   title = {название тезисов конференции},
%   booktitle = {Название сборника},
%   year = {2012},
%   language = {russian},
%   authorconf = {true},
% }

% @ARTICLE{scbib1,
%   author = {Фамилия, И. О. and Фамилия2, И. О. and Фамилия3, И. О.},
%   title = {Название статьи},
%   journal = {Журнал},
%   year = {2018},
%   volume = {2},
%   number = {1},
%   pages = {99--102},
%   language = {russian},
%   authorscopus = {true},
%   authorwos = {true},
%   addendum = {(Scopus, WoS)},
% }

% @ARTICLE{vakbib1,
%   author = {Фамилия, И. О. and Фамилия2, И. О. and Фамилия3, И. О.},
%   addendum = {(0,28~п.~л.; ВАК, WoS)},
%   title = {Название статьи},
%   journal = {Журнал},
%   year = {2013},
%   volume = {1},
%   number = {5},
%   pages = {100--120},
%   language = {russian},
%   authorvak = {true},
%   authorwos = {true},
% }

% @ARTICLE{vakbib2,
%   author = {Фамилия, И. О. and Фамилия2, И. О. and Фамилия3, И. О. and Фамилия4, И. О.},
%   addendum = {(0,33~п.~л.~/ 0,28~п.~л.; ВАК)},
%   title = {Название статьи},
%   journal = {Журнал},
%   year = {2014},
%   volume = {1},
%   number = {5},
%   pages = {100--120},
%   language = {russian},
%   authorvak = {true},
% }

% @ARTICLE{vakbib3,
%   author = {Фамилия, И. О. and Фамилия2, И. О. and Фамилия3, И. О.},
%   addendum = {(0,28~п.~л.; ВАК, Scopus)},
%   title = {Название статьи},
%   journal = {Журнал},
%   year = {2015},
%   volume = {4},
%   number = {2},
%   pages = {50--55},
%   language = {russian},
%   authorvak = {true},
%   authorscopus = {true},
% }

% @ARTICLE{vakbib4,
%   author = {Фамилия, И. О. and Фамилия2, И. О. and Фамилия3, И. О. and Фамилия4, И. О.},
%   addendum = {(0,33~п.~л.~/ 0,28~п.~л.; ВАК)},
%   title = {Название статьи},
%   journal = {Журнал},
%   year = {2016},
%   volume = {3},
%   number = {1},
%   pages = {55--60},
%   language = {russian},
%   authorvak = {true},
% }

% @ARTICLE{vakbib5,
%   author = {Фамилия, И. О. and Фамилия2, И. О. and Фамилия3, И. О.},
%   addendum = {(0,28~п.~л.; ВАК)},
%   title = {Название статьи},
%   journal = {Журнал},
%   year = {2017},
%   volume = {4},
%   number = {2},
%   pages = {50--55},
%   language = {russian},
%   authorvak = {true},
% }

% @ARTICLE{vakbib6,
%   author = {Фамилия, И. О. and Фамилия2, И. О. and Фамилия3, И. О. and Фамилия4, И. О.},
%   addendum = {(0,33~п.~л.~/ 0,28~п.~л.; ВАК)},
%   title = {Название статьи},
%   journal = {Журнал},
%   year = {2018},
%   volume = {3},
%   number = {1},
%   pages = {55--60},
%   language = {russian},
%   authorvak = {true},
% }

% @ARTICLE{vakbib7,
%   author = {Фамилия, И. О. and Фамилия2, И. О. and Фамилия3, И. О.},
%   addendum = {(0,28~п.~л.; ВАК)},
%   title = {Название статьи},
%   journal = {Журнал},
%   year = {2019},
%   volume = {4},
%   number = {2},
%   pages = {50--55},
%   language = {russian},
%   authorvak = {true},
% }

% @ARTICLE{vakbib8,
%   author = {Фамилия, И. О. and Фамилия2, И. О. and Фамилия3, И. О. and Фамилия4, И. О.},
%   addendum = {(0,33~п.~л.~/ 0,28~п.~л.; ВАК)},
%   title = {Название статьи},
%   journal = {Журнал},
%   year = {2020},
%   volume = {3},
%   number = {1},
%   pages = {55--60},
%   language = {russian},
%   authorvak = {true},
% }

% @ARTICLE{vakbib9,
%   author = {Фамилия, И. О. and Фамилия2, И. О. and Фамилия3, И. О.},
%   addendum = {(0,28~п.~л.; ВАК)},
%   title = {Название статьи},
%   journal = {Журнал},
%   year = {2021},
%   volume = {4},
%   number = {2},
%   pages = {50--55},
%   language = {russian},
%   authorvak = {true},
% }

% @ARTICLE{vakbib10,
%   author = {Фамилия, И. О. and Фамилия2, И. О. and Фамилия3, И. О. and Фамилия4, И. О.},
%   addendum = {(0,33~п.~л.~/ 0,28~п.~л.; ВАК)},
%   title = {Название статьи},
%   journal = {Журнал},
%   year = {2022},
%   volume = {3},
%   number = {1},
%   pages = {55--60},
%   language = {russian},
%   authorvak = {true},
% }

% @ARTICLE{vakbib11,
%   author = {Фамилия, И. О. and Фамилия2, И. О. and Фамилия3, И. О.},
%   addendum = {(0,28~п.~л.; ВАК, Scopus, WoS)},
%   title = {Название статьи},
%   journal = {Журнал},
%   year = {2023},
%   volume = {6},
%   number = {2},
%   pages = {50--55},
%   language = {russian},
%   authorvak = {true},
%   authorwos = {true},
%   authorscopus = {true},
% }

% @ARTICLE{vakbib12,
%   author = {Фамилия, И. О. and Фамилия2, И. О. and Фамилия3, И. О. and Фамилия4, И. О.},
%   addendum = {(0,33~п.~л.~/ 0,28~п.~л.; ВАК)},
%   title = {Название статьи},
%   journal = {Журнал},
%   year = {2024},
%   volume = {4},
%   number = {1},
%   pages = {55--60},
%   language = {russian},
%   authorvak = {true},
% }

% @ARTICLE{wosbib1,
%   author = {Фамилия, И. О. and Фамилия2, И. О. and Фамилия3, И. О.},
%   addendum = {(0,21~п.~л., WoS)},
%   title = {Название статьи},
%   journal = {Журнал},
%   year = {2011},
%   volume = {1},
%   number = {8},
%   pages = {105--120},
%   language = {russian},
%   authorwos = {true},
% }