@book{german:a,
  author    = {Герман, А. П.},
  title     = {Применение сжатого воздуха в горном деле},
  publisher = {Горно-геол.-нефт. изд-во},
  address   = {Москва},
  year      = {1933}
},

@article{kasimov:a,
  author   = {Касимов, А. М. and Шубин, А. Н.},
  journal  = {Приборы и системы управления},
  number   = {11},
  title    = {Некоторые результаты исследований в области пневмоавтоматики},
  year     = {1994},
  pages    = {34-37},
  language = {russian}
}
@article{pr11092544,
  author         = {Jia Jianbo and Shi Yan and Meng Xianyu},
  title          = {Pneumatic Noise Study of Multi-Stage Sleeve Control Valve},
  journal        = {Processes},
  volume         = {11},
  year           = {2023},
  number         = {9},
  article-number = {2544},
  issn           = {2227-9717},
  abstract       = {This study considers the practical issue of severe noise observed in a multi-stage sleeve control valve within an engineering project. Employing computational fluid dynamics (CFD) methodology, we initially performed numerical simulations to analyze the steady-state flow field within the control valve. Subsequently, we identified the underlying factors contributing to the noise issue within the valve. To assess the aerodynamic noise of the control valve, we applied the FW-H acoustic analogy theory and determined the intensity and distribution characteristics of the aerodynamic noise. Finally, we validated the numerical simulation results of the aerodynamic noise against theoretical calculations. Our findings indicate that the steam medium experiences high-speed flow due to disturbances caused by various components within the valve, resulting in significant turbulence intensity. This intense turbulence leads to pressure fluctuations in the steam, serving as the main catalyst for noise generation. The aerodynamic noise of the control valve exhibits a roughly symmetrical distribution along the pipe–valve system, with noticeable increases in noise levels upstream and downstream of the valve compared to other regions. The distribution cloud map obtained from the numerical simulations serves as a valuable reference for analyzing the locations where aerodynamic noise is generated. Comparing the numerical simulation results with the theoretical calculations at the noise monitoring points, we found that the noise error of the monitoring points was less than 5%, which proves the effectiveness of the numerical simulation method. These results provide essential data support for the acoustic detection of aerodynamic noise in control valves, carrying significant practical implications for engineering applications.},
  doi            = {10.3390/pr11092544},
  language       = {english}
}

@article{shortnikov:a,
  author   = {Шортников, Е. Е.},
  title    = {К проектированию пневматических сервомеханизмов при учете теплообмена},
  journal  = {Пневматика и гидравлика},
  number   = {1},
  year     = {1973},
  pages    = {170-178},
  language = {russian}
}

@conference{kasimov:b,
  author    = {Касимов, А. М.},
  booktitle = {Материалы конференции с международным участием. Институт проблем управления им. Трапезникова РАН},
  publisher = {Институт проблем управления им. В.А. Трапезникова РАН},
  address   = {Москва},
  title     = {Развитие пневматических средств автоматизации},
  year      = {2010},
  language  = {russian}
}

@book{рабинович1973системы,
  title     = {Системы управления автоматических машин},
  author    = {Рабинович, А. Н.},
  lccn      = {74311052},
  year      = {1973},
  publisher = {Техника},
  address   = {Москва},
  numpages  = {437},
  language  = {russian}
}

@book{tugengold:a,
  author    = {Тугенгольд, А. К.},
  publisher = {Изд. центр ДГТУ},
  title     = {Интеллектуальное управление мехатронными технологическими системами},
  address   = {Ростов н/Д},
  year      = {2004},
  numpages  = {116},
  language  = {russian}
}
@book{трофимов:a,
  title     = {Приводы автоматизированного оборудования},
  author    = {Трофимов, О. Н.},
  year      = {1991},
  publisher = {Машиностроение},
  address   = {Москва},
  numpages  = {334},
  language  = {russian}
}
@patent{патент:рязанов,
  heading     = {Патент №1044845},
  author      = {Е. А. Рязанов},
  authortype  = {СССР},
  title       = {Позиционный пневмопривод},
  media       = {text},
  reqnumber   = {3318224/23-06},
  date        = {1981-07-10},
  publication = {Бюл. № 36},
  publdate    = {1983-09-30},
  pagetotal   = {3 с.~: ил.},
  language    = {russian}
}
}
@patent{патент:Кистиченко,
  heading     = {Патент №1642100},
  author      = {А. А. Кистиченко},
  authortype  = {СССР},
  title       = {Позиционный пневмопривод},
  media       = {text},
  reqnumber   = {4678533/29},
  date        = {1989-04-14},
  publication = {Бюл. № 14},
  publdate    = {1991-04-15},
  pagetotal   = {3 с.~: ил.},
  language    = {russian}
}

@article{герц:скоростной_привод,
  author   = {Герц, Е. В. and Долженков, Б. П.},
  title    = {Выбор параметров быстродействующего привода},
  journal  = {Станки и инструмент},
  year     = {1977},
  number   = {3},
  pages    = {12-17},
  language = {russian}
}

@article{герц:групповой_привод,
  author    = {Герц, Е. В. and Долженков, Б. П.},
  title     = {Динамика группового высокоскоростного пневмопривода с механически пуском},
  journal   = {Пневматика и гидравлика. Приводы и системы управления.},
  year      = {1975},
  number    = {3},
  publisher = {Машиностроение},
  address   = {Москва},
  pages     = {12-21},
  language  = {russian}
}

@book{бухарин,
  author    = {Бухарин, Н. А.},
  publisher = {Наркомхоза},
  title     = {Основы проектирования механизмов автоматического управления автомобилем},
  year      = {1941},
  language  = {russian}
}

@article{маркевич,
  author   = {Маркевич, Н. М.},
  journal  = {Ученые записки ЛГУ. Сер. матем. наук},
  number   = {17},
  title    = {Решение задачи о наполнении и опорожнении сосудов переменного объема сжимаемым газом, связанной с расчетом некоторых механизмов управления},
  year     = {1949},
  language = {russian}
}

@book{шюле:техническая_термодинамика,
  author    = {Шюле, В.},
  publisher = {ОНТИ},
  title     = {Техническая термодинамика},
  year      = {1928},
  language  = {russian}
}

@book{литвин:техническая_термодинамика,
  author    = {Литвин, А. М.},
  publisher = {Госэнергоиздат},
  address   = {Москва},
  title     = {Техническая термодинамика},
  year      = {1962},
  language  = {russian}
}

@book{артболевский:теория_механизмов_машин,
  author    = {Артболевский, И. И.},
  publisher = {Гостехиздат},
  address   = {Москва},
  title     = {Теория механизмов и машин},
  year      = {1953},
  language  = {russian}
}

@book{страхович:прикладная_газодинамика,
  author    = {Страхович, К. И.},
  publisher = {ОНТИ},
  address   = {Москва},
  title     = {Прикладная газодинамика},
  year      = {1937},
  language  = {russian}
}

@book{гинзбург:прикладная_газодинамика,
  author    = {Гинзбург, И. П.},
  publisher = {Изд. ЛГУ},
  title     = {Прикладная газодинамика},
  year      = {1958},
  language  = {russian}
}

@book{мамонтов:некоторые_случаи_течения_газа,
  author    = {Мамонтов, М. А.},
  publisher = {Оборонгиз},
  address   = {Москва},
  title     = {Некоторые случаи течения газа},
  year      = {1962},
  language  = {russian}
}

@book{мамонтов:вопросы_термодинамики,
  author    = {Мамонтов, М. А.},
  publisher = {Оборонгиз},
  address   = {Москва},
  title     = {Вопросы термодинамики тела переменной массы},
  year      = {1961},
  language  = {russian}
}

@article{филиппов:позиц_след_пневмопривод,
  author   = {Филипов, И. Б and Григорьев Н. С.},
  journal  = {Пневматика и гидравлика},
  number   = {10},
  title    = {Позиционно-следящий пневмопривод циклового промышленного робота},
  year     = {1981},
  pages    = {19-23},
  language = {russian}
}

@article{божкова:повышение_быстродействия,
  author   = {Божкова, Л. В. and Дащенко, О. А.},
  journal  = {Вестник машиностроения},
  address  = {Москва},
  number   = {5},
  title    = {Повышение производительности промышленного робота с пневмоприводом и цикловой системой управления},
  year     = {1992},
  pages    = {16-21},
  language = {russian}
}

@article{парой:способы_торможения,
  author   = {Парой, А. А.},
  journal  = {Вестник машиностроения},
  number   = {10},
  address  = {Москва},
  title    = {Способы торможения пневмопривода промышленного робота},
  year     = {1982},
  pages    = {16-21},
  language = {russian}
}

@article{крутиков:способы_торможения_12,
  author   = {Крутиков, Г. А. and Кудрявцев, А. И. and Пекарь, },
  journal  = {Пневматика и гидравлика},
  number   = {13},
  address  = {Москва},
  title    = {К вопросу выбора способа торможения пневмоприводов с большими присоединенными массами},
  year     = {1987},
  pages    = {60-71},
  language = {russian}
}


@book{филипов:тормозные_устройства,
  title     = {Тормозные устройства пневмоприводов промышленных роботов},
  author    = {Филипов, И. Б.},
  year      = {1984},
  address   = {Москва},
  publisher = {НИИмаш},
  numpages  = {64},
  language  = {russian}
}

@conference{pwm:Varseveld,
  author    = { R. B. van Varseveld and Gary M. Bone },
  title     = { Accurate position control of a pneumatic actuator using on/off solenoid valves },
  year      = { 1997 },
  publisher = { IEEE },
  volume    = { 2 },
  pages     = { 195-204 },
  journal   = {},
  number    = { 3 },
  doi       = { 10.1109/3516.622972 },
  booktitle = { IEEE/ASME Transactions on Mechatronics },
  language  = {english}
}

%for Varseveld article
@conference{Varseveld:article1,
  title     = { PI type hierarchical feedback control scheme for pneumatic robots },
  author    = { Sadao Kawamura and K. Miyata and Hideo Hanafusa},
  year      = { 1989 },
  publisher = { IEEE },
  pages     = { 1853-1858 },
  doi       = { 10.1109/ROBOT.1989.100243 },
  booktitle = { Proceedings of the 1989 IEEE International Conference on Robotics and Automation },
  language  = {english}
}

@article{Varseveld:article2,
  title    = {Motion control of pneumatic drives},
  author   = {Jun-Sheng Pu and Richard H. Weston},
  journal  = {Microprocess. Microsystems},
  year     = {1988},
  volume   = {12},
  pages    = {373-382},
  language = {english}
}

@article{Varseveld:article3,
  title    = {An Analysis of a Pneumatic Servo System and Its Application to a Computer-Controlled Robot},
  author   = {S. Liu and James E. Bobrow},
  journal  = {Journal of Dynamic Systems Measurement and Control-transactions of The Asme},
  year     = {1988},
  volume   = {110},
  pages    = {228-235},
  language = {english}
}
@article{Surgenor1997ContinuousSM,
  title    = {Continuous Sliding Mode Control of a Pneumatic Actuator},
  author   = {Brian W. Surgenor and Nicholas D. Vaughan},
  journal  = {Journal of Dynamic Systems Measurement and Control-transactions of The Asme},
  year     = {1997},
  volume   = {119},
  pages    = {578-581},
  language = {english}
}
@conference{Truong,
  author    = {Truong Khai Nguyen},
  title     = {Accurate Sliding-Mode Control of Pneumatic Systems Using Low-Cost Solenoid Valves},
  booktitle = {IEEE/ASME Transactions on Mechatronics},
  year      = {2007},
  publisher = {IEEE},
  language  = {english}
}

@article{Tran:pwm,
  title    = { A Method for Improving Position Control Performances of a Pneumatic Cylinder Using On-Off Solenoid Valves },
  author   = { Tran Dinh Son and Tran Xuan Bo },
  journal  = { JST: Smart Systems and Devices },
  year     = { 2022 },
  volume   = { 32 },
  pages    = { 34-41 },
  number   = { 1 },
  doi      = { 10.51316/jst.155.ssad.2022.32.1.5 },
  language = {english}
}

@article{Shiee,
  author   = {Shiee, Mohsen and Sharifi, Arman and Fathi, Morteza},
  year     = {2015},
  month    = {07},
  pages    = {},
  title    = {An experimental comparison of PWM schemes to improve positioning of servo pneumatic systems},
  volume   = {82},
  journal  = {The International Journal of Advanced Manufacturing Technology},
  doi      = {10.1007/s00170-015-7501-8},
  language = {english}
}

@article{AHN2005683,
  title    = {Intelligent switching control of pneumatic actuator using on/off solenoid valves},
  journal  = {Mechatronics},
  volume   = {15},
  number   = {6},
  pages    = {683-702},
  year     = {2005},
  issn     = {0957-4158},
  doi      = {https://doi.org/10.1016/j.mechatronics.2005.01.001},
  author   = {Kyoungkwan Ahn and Shinichi Yokota},
  keywords = {Pneumatic, Switching control, On/off solenoid valve, Pulse width modulation, Neural network, Intelligent control},
  abstract = {The development of a fast, accurate, and inexpensive position-controlled pneumatic actuator that may be applied to a variety of practical positioning applications with various external loads is described in this paper. A novel modified pulse-width modulation (MPWM) valve pulsing algorithm allows on/off solenoid valves to be used in place of costly servo valves. A comparison between the system response of the standard PWM technique and that of the modified PWM technique shows that control performance was significantly increased. A state-feedback controller with position, velocity and acceleration feedback was successfully implemented as a continuous controller. A switching algorithm for control parameters using a learning vector quantization neural network (LVQNN) has newly proposed, which classifies the external load of the pneumatic actuator. The effectiveness of this proposed control algorithm with smooth switching control has been demonstrated through experiments with various external loads.},
  language = {english}
}


@book{utkin2017sliding,
  title     = {Sliding Mode Control in Electro-Mechanical Systems},
  author    = {Utkin, V. and Guldner, J. and Shi, J.},
  isbn      = {9781351834865},
  series    = {Automation and Control Engineering},
  year      = {2017},
  publisher = {CRC Press}
}

@conference{Hodgson:article1,
  title     = { Sliding-Mode Control of Nonlinear Discrete-Input Pneumatic Actuator },
  author    = { Sean Hodgson and Minh Quyen Le and Mahdi Tavakoli and Mihn Tu Pham},
  year      = { 2011 },
  publisher = { IEEE },
  booktitle = { IEEE/RSJ International Conference on Intelligent Robots and Systems },
  language  = {english}
}
@article{Elsayed,
  author   = {Elsayed, Yasser and Hammam, Mohamed and Mousa, Gamal and Morgan, Abdul},
  year     = {2020},
  month    = {04},
  pages    = {},
  title    = {Simulation Study and Experimental Position Control of Pneumatic Cylinder Using Sliding Mode Control with on/off Control Valves},
  journal  = {Port-Said Engineering Research Journal},
  doi      = {10.21608/pserj.2020.22883.1030},
  language = {english}
}

@article{Zhonglin,
  author   = {Zhonglin Lin and Tianhong Zhang and Qi Xie and Qingyan Wei },
  title    = { Electro-pneumatic position tracking control system based on an intelligent phase-change PWM strategy},
  journal  = {Journal of the Brazilian Society of Mechanical Sciences and Engineering},
  year     = {2018},
  volume   = {40},
  number   = {512},
  language = {english}
}

@article{Jakkula2006,
  author   = {V. Jakkula},
  title    = {Tutorial on support vector machine (SVM)},
  year     = {2006},
  language = {english}
}

@article{Patle2013,
  author   = {A. Patle and D. S. Chouhan},
  title    = {SVM kernel functions for classification},
  year     = {2013},
  journal  = {IEEE Explore},
  language = {english}
}

@article{Deris2011,
  author   = {A. M. Deris, A. M. Zain, R. Sallehuddin},
  title    = {Overview of support vector machine in modeling machining performances},
  year     = {2011},
  journal  = {Procedia Engineering},
  language = {english}
}

@article{Boswell2002,
  author   = {D. Boswell},
  title    = {Introduction to support vector machines},
  year     = {2002},
  language = {english}
}

@article{Salcedo2014,
  author   = {S. Salcedo‐Sanz, J. L. Rojo‐Álvarez},
  title    = {Support vector machines in engineering: an overview},
  year     = {2014},
  journal  = {Academia},
  language = {english}
}

@book{gramacy2020surrogates,
  title     = {Surrogates: Gaussian process modeling, design, and optimization for the applied sciences},
  author    = {Robert B. Gramacy},
  year      = {2020},
  publisher = {Taylor \& Francis},
  language  = {english}
}

@article{marrel2024probabilistic,
  title     = {Probabilistic surrogate modeling by Gaussian process: A review on recent insights in estimation and validation},
  author    = {A. Marrel and B. Iooss},
  journal   = {Reliability Engineering \& System Safety},
  year      = {2024},
  publisher = {Elsevier},
  language  = {english}
}

@article{figueroa2021gaussian,
  title     = {Gaussian processes for surrogate modeling of discharged fuel nuclide compositions},
  author    = {A. Figueroa and M. Göttsche},
  journal   = {Annals of Nuclear Energy},
  year      = {2021},
  publisher = {Elsevier},
  language  = {english}
}

@article{zhou2020enhanced,
  title     = {An enhanced Kriging surrogate modeling technique for high-dimensional problems},
  author    = {Y. Zhou and Z. Lu},
  journal   = {Mechanical Systems and Signal Processing},
  year      = {2020},
  publisher = {Elsevier},
  language  = {english}
}

@article{radaideh2020surrogate,
  title     = {Surrogate modeling of advanced computer simulations using deep Gaussian processes},
  author    = {M. I. Radaideh and T. Kozlowski},
  journal   = {Reliability Engineering \& System Safety},
  year      = {2020},
  publisher = {Elsevier},
  language  = {english}
}

@book{fan2018local,
  title     = {Local polynomial modelling and its applications: monographs on statistics and applied probability 66},
  author    = {Fan, Jianqing},
  year      = {2018},
  publisher = {Taylor \& Francis},
  language  = {english}
}

@incollection{heiberger2009polynomial,
  title     = {Polynomial regression},
  author    = {Heiberger, RM and Neuwirth, E},
  booktitle = {R Through Excel: A Spreadsheet Interface for Statistics, Data Analysis, and Graphics},
  year      = {2009},
  publisher = {Springer},
  language  = {english}
}

@article{takada1995application,
  title     = {Application of polynomial regression modeling to automatic measurement of periods of EMG activity},
  author    = {Takada, K and Yashiro, K and Morimoto, T},
  journal   = {Journal of neuroscience methods},
  year      = {1995},
  publisher = {Elsevier},
  language  = {english}
}

@article{zaw2009modeling,
  title     = {Modeling of rainfall prediction over Myanmar using polynomial regression},
  author    = {Zaw, WT and Naing, TT},
  booktitle = {2009 International Conference on Natural Computation},
  year      = {2009},
  publisher = {IEEE},
  language  = {english}
}

@inproceedings{meyer2009matrix,
  address   = {Eger, Hungary},
  author    = {John F. Meyer},
  booktitle = {Proceedings of the International Workshop on Performability Modeling of Computer and Communication Systems ({PMCCS})},
  title     = {Defining and Evaluating Resilience: A Performability Perspective},
  year      = {2009},
  language  = {english}
}

@thesis{zhang2015comparision,
  title   = {Comparison of Sliding-Mode Control and Model-Predictive Control Algorithms for Pneumatic Actuators},
  author  = {Zhang, Yile},
  year    = {2015},
  school  = {McMaster University},
  type    = {Master’s Thesis},
  address = {Hamilton, Ontario, Canada}
}

@inproceedings{he2016deep,
  title     = {Deep residual learning for image recognition},
  author    = {He, Kaiming and Zhang, Xiangyu and Ren, Shaoqing and Sun, Jian},
  booktitle = {Proceedings of the IEEE conference on computer vision and pattern recognition},
  pages     = {770-778},
  year      = {2016},
  language  = {english}
},

@article{srivastava2014dropout,
  title    = {Dropout: a simple way to prevent neural networks from overfitting},
  author   = {Srivastava, Nitish and Hinton, Geoffrey and Krizhevsky, Alex and Sutskever, Ilya and Salakhutdinov, Ruslan},
  journal  = {Journal of machine learning research},
  volume   = {15},
  number   = {1},
  pages    = {1929-1958},
  year     = {2014},
  language = {english}
},

@book{goodfellow2016deep,
  title     = {Deep learning},
  author    = {Goodfellow, Ian and Bengio, Yoshua and Courville, Aaron},
  year      = {2016},
  publisher = {MIT press},
  language  = {english}
},

@inproceedings{ioffe2015batch,
  title        = {Batch normalization: Accelerating deep network training by reducing internal covariate shift},
  author       = {Ioffe, Sergey and Szegedy, Christian},
  booktitle    = {International conference on machine learning},
  pages        = {448-456},
  year         = {2015},
  organization = {PMLR},
  language     = {english}
},

@article{kingma2014adam,
  title    = {Adam: A method for stochastic optimization},
  author   = {Kingma, Diederik P and Ba, Jimmy},
  journal  = {arXiv preprint arXiv:1412.6980},
  year     = {2014},
  language = {english}
},

@inproceedings{nair2010rectified,
  title     = {Rectified linear units improve restricted Boltzmann machines},
  author    = {Nair, Vinod and Hinton, Geoffrey E},
  booktitle = {Proceedings of the 27th international conference on machine learning (ICML-10)},
  pages     = {807-814},
  year      = {2010},
  language  = {english}
},

@book{pareto1896cours,
  title     = {Cours d'{\'e}conomie politique},
  author    = {Pareto, Vilfredo},
  year      = {1896},
  publisher = {Rouge},
  language  = {english}
},

@book{miettinen1999nonlinear,
  title     = {Nonlinear multiobjective optimization},
  author    = {Miettinen, Kaisa},
  year      = {1999},
  publisher = {Kluwer Academic Publishers},
  language  = {english}
},

@book{deb2001multi,
  title     = {Multi-objective optimization using evolutionary algorithms},
  author    = {Deb, Kalyanmoy},
  year      = {2001},
  publisher = {John Wiley \& Sons},
  language  = {english}
},

@book{coello2007evolutionary,
  title     = {Evolutionary algorithms for solving multi-objective problems},
  author    = {Coello Coello, Carlos A and Lamont, Gary B and Van Veldhuizen, David A},
  year      = {2007},
  publisher = {Springer},
  language  = {english}
},

@techreport{zitzler2001spea2,
  title    = {SPEA2: Improving the strength pareto evolutionary algorithm},
  author   = {Eckart Zitzler and Marco Laumanns and Lothar Thiele},
  year     = {2001},
  language = {english}
},
@article{eichenberger2004simd,
  title     = {Vectorization for SIMD architectures with alignment constraints},
  volume    = {39},
  issn      = {1558-1160},
  doi       = {10.1145/996893.996853},
  number    = {6},
  journal   = {ACM SIGPLAN Notices},
  publisher = {Association for Computing Machinery (ACM)},
  author    = {Eichenberger,  Alexandre E. and Wu,  Peng and O'Brien,  Kevin},
  year      = {2004},
  month     = jun,
  pages     = {82–93}
},
@inproceedings{nuzman2011vaporsimd,
  author    = {Nuzman, Dorit and Dyshel, Sergei and Rohou, Erven and Rosen, Ira and Williams, Kevin and Yuste, David and Cohen, Albert and Zaks, Ayal},
  booktitle = {International Symposium on Code Generation and Optimization (CGO 2011)},
  title     = {Vapor SIMD: Auto-vectorize once, run everywhere},
  year      = {2011},
  volume    = {},
  number    = {},
  pages     = {151-160},
  keywords  = {Arrays;Optimization;Complexity theory;Registers;Electronic mail;Semantics},
  doi       = {10.1109/CGO.2011.5764683}
},

@article{tian2013simd,
  title     = {Practical SIMD Vectorization Techniques for Intel Xeon Phi Coprocessors},
  volume    = {2005},
  doi       = {10.1109/ipdpsw.2013.245},
  booktitle = {2013 IEEE International Symposium on Parallel &amp; Distributed Processing,  Workshops and Phd Forum},
  publisher = {IEEE},
  author    = {Tian,  Xinmin and Saito,  Hideki and Preis,  Serguei V. and Garcia,  Eric N. and Kozhukhov,  Sergey S. and Masten,  Matt and Cherkasov,  Aleksei G. and Panchenko,  Nikolay},
  year      = {2013},
  month     = may,
  pages     = {1149–1158}
},

@article{situm2013control,
  title    = {Control of a pneumatic drive using electronic pressure valves},
  author   = {Situm, Zeljko},
  year     = {2013},
  month    = {11},
  pages    = {1085-1093},
  title    = {Transactions of the Institute of Measurement and Control},
  volume   = {35},
  journal  = {Transactions of the Institute of Measurement and Control},
  doi      = {10.1177/0142331213481841},
  language = {english}
}, 

@article{salim2011control,
  author   = {Sy Salim, Sy Najib and Zainal Abidin, Mastura and Ismail, Zool},
  year     = {2011},
  month    = {01},
  pages    = {630-661},
  title    = {Review on modeling and controller design in pneumatic actuator control system.},
  volume   = {4},
  journal  = {International Journal on Smart Sensing and Intelligent Systems},
  language = {english}
},

@article{safuan2010microcontroller,
  title    = {Application of microcontroller to control pneumatic actuator},
  author   = {Sheafi Mohammad Safuan},
  year     = {2010},
  doi      = {},
  language = {english}
},

@article{vladur2016dynamic,
  title    = {DYNAMIC CONTROL OF PNEUMATIC ACTUATOR SYSTEM},
  author   = {I. Vladu and D. Rosca and N. Bîzdoaca and V. Stoian},
  journal  = {SCIENTIFIC RESEARCH AND EDUCATION IN THE AIR FORCE},
  year     = {2016},
  volume   = {18},
  pages    = {399-404},
  doi      = {10.19062/2247-3173.2016.18.1.54},
  language = {english}
},

@article{lababidi2023position,
  title    = {System Identification and Position Control of Pneumatic Actuator},
  author   = {Sami Ibad Lababidi and S. Sahlan and Mohamed Naji Muftah and A. Faudzi and Fuead Ali},
  journal  = {2023 IEEE 9th International Conference on Smart Instrumentation, Measurement and Applications (ICSIMA)},
  year     = {2023},
  pages    = {176-181},
  doi      = {10.1109/ICSIMA59853.2023.10373458},
  language = {english}
},

@article{zisser2013position,
  title    = {Position Control of a Pneumatic Actuation System},
  author   = {E. Zisser},
  year     = {2013},
  doi      = {},
  language = {english}
},

@article{takemura2000hybrid,
  title    = {Control of a hybrid pneumatic/electric motor},
  author   = {F. Takemura and S. Pandian and Y. Nagase and Hajime Mizutani and Y. Hayakawa and S. Kawamura},
  journal  = {Proceedings. 2000 IEEE/RSJ International Conference on Intelligent Robots and Systems (IROS 2000) (Cat. No.00CH37113)},
  year     = {2000},
  volume   = {1},
  pages    = {209-214 vol.1},
  doi      = {10.1109/IROS.2000.894606},
  language = {english}
},

@article{hildebrandt2010optimal,
  title    = {Optimal System Design of SISO-Servopneumatic Positioning Drives},
  author   = {A. Hildebrandt and R. Neumann and O. Sawodny},
  journal  = {IEEE Transactions on Control Systems Technology},
  year     = {2010},
  volume   = {18},
  pages    = {35-44},
  doi      = {10.1109/TCST.2008.2009879},
  language = {english}
},

@article{carducci2006viscous,
  title   = {Identification of viscous friction coefficients for a pneumatic system model using optimization methods},
  author  = {G. Carducci and N. Giannoccaro and A. Messina and G. Rollo},
  journal = {Math. Comput. Simul.},
  year    = {2006},
  volume  = {71},
  pages   = {385-394},
  doi     = {10.1016/j.matcom.2006.02.005}
},

@article{salim2015control,
  title    = {Control of a pneumatic actuator system using enhanced nonlinear proportional integral derivative controller algorithm},
  author   = {S. Salim and S. Najib},
  year     = {2015},
  language = {english}
}

@article{ritter2009nonlinear,
  author   = {Carla Silvane Ritter},
  title    = {Nonlinear Characteristics Systematic Study in Pneumatic Actuators},
  year     = {2009},
  language = {english}
}

@article{dong2003prospects,
  author   = {L. Dong},
  title    = {The Present State and Prospects of Pneumatic Actuator},
  year     = {2003},
  journal  = {Control and Instruments in Chemical Industry},
  language = {english}
}

@article{raisoni2017utilization,
  author   = {G. H. Raisoni},
  title    = {Utilization of Pneumatic Actuator},
  year     = {2017},
  language = {english}
}

@inproceedings{kreinin2020optimization,
  title    = {Parametric and Structural Optimization of Pneumatic Positioning Actuator},
  author   = {G. V. Kreinin and S. Misyurin and N. Nosova and M. Prozhega},
  year     = {2020},
  pages    = {395-403},
  doi      = {10.1007/978-3-030-33491-8_47},
  language = {english}
}

@article{ali2009review,
  author   = {Ali, Hazem and Noor, Samsul and Bashi, S. and Marhaban, Mohammad Hamiruce},
  year     = {2009},
  month    = {01},
  pages    = {440-454},
  title    = {A Review of Pneumatic Actuators (Modeling and Control)},
  volume   = {3},
  journal  = {Australian Journal of Basic and Applied Sciences},
  language = {english}
}


@inproceedings{taheri2015efficiency,
  title    = {Investigation of Energy Efficiency in Force Control of Pneumatic Actuators},
  author   = {B. Taheri and D. Case and E. Richer},
  year     = {2015},
  doi      = {10.1115/DSCC2015-9926},
  language = {english}
}

@article{perez2021reliable,
  author   = {Eduardo R. Perez-Guagnelli and Dana D. Damian},
  title    = {Deflected Versus Preshaped Soft Pneumatic Actuators: A Design and Performance Analysis Toward Reliable Soft Robots},
  journal  = {Soft Robotics},
  year     = {2021},
  language = {english}
}

@article{lin2020selfsensing,
  author   = {Nanlin Lin and Hui Zheng and Yuxuan Li and Ruolin Wang and Xiaoping Chen and Xin Ming Zhang},
  title    = {Self-Sensing Pneumatic Compressing Actuator},
  journal  = {Frontiers in Neurorobotics},
  year     = {2020},
  language = {english}
}

@article{robertson2017soft,
  author   = {Matthew A. Robertson and H. Sadeghi and J. Florez and J. Paik},
  title    = {Soft Pneumatic Actuator Fascicles for High Force and Reliability},
  journal  = {Soft Robotics},
  year     = {2017},
  volume   = {4},
  pages    = {23-32},
  language = {english}
}

@article{zhao2017design,
  author   = {Hai-qiang Zhao},
  title    = {Research and Design on Valve Controlling Pneumatic Actuator},
  journal  = {DEStech Transactions on Computer Science and Engineering},
  year     = {2017},
  doi      = {10.12783/DTCSE/ICCAE2016/7198},
  language = {english}
}

@article{carneiro2007heat,
  author   = {J. Carneiro and F. G. de Almeida},
  title    = {Heat Transfer Evaluation of Industrial Pneumatic Cylinders},
  journal  = {Proceedings of the Institution of Mechanical Engineers, Part I: Journal of Systems and Control Engineering},
  year     = {2007},
  volume   = {221},
  pages    = {119-128},
  language = {english}
}

@article{zhang2014life,
  author   = {Yeming Zhang and M. Cai},
  title    = {Overall Life Cycle Comprehensive Assessment of Pneumatic and Electric Actuator},
  journal  = {Chinese Journal of Mechanical Engineering},
  year     = {2014},
  volume   = {27},
  pages    = {584-594},
  language = {english}
}

@inproceedings{khitrovo2022jet,
  author    = {Aleksei Khitrovo},
  title     = {Positional Turbine Pneumatic Actuator with Jet Control System},
  booktitle = {2022 International Conference on Information, Control, and Communication Technologies (ICCT)},
  year      = {2022},
  pages     = {1-3},
  doi       = {10.1109/ICCT56057.2022.9976738},
  language  = {english}
}

@inproceedings{li2008piezoelectric,
  author    = {Dongmei Li and Baoyuan Sun and Wen Wang and Y. Jia},
  title     = {Structure design and experimental research on the electric-pneumatic transfer device with piezoelectric actuator},
  booktitle = {Proceedings of the SPIE - The International Society for Optical Engineering},
  year      = {2008},
  volume    = {7133},
  doi       = {10.1117/12.821255},
  language  = {english}
}

@inproceedings{luo2011energy,
  author    = {Xing Luo and Hao Sun and Jihong Wang},
  title     = {An energy efficient pneumatic-electrical system and control strategy development},
  booktitle = {Proceedings of the 2011 American Control Conference},
  year      = {2011},
  pages     = {4743-4748},
  doi       = {10.1109/ACC.2011.5991203},
  language  = {english}
}

@inproceedings{wang2019isobaric,
  author    = {Zhiwen Wang and Jinshun Wang and Zhong'ai Jiang and W. Xiong and H. Du and Zu-wen Wang},
  title     = {Energy-saving performance of isobaric compressed air storage receivers in pneumatic systems},
  booktitle = {2019 IEEE 8th International Conference on Fluid Power and Mechatronics (FPM)},
  year      = {2019},
  pages     = {309-319},
  doi       = {10.1109/FPM45753.2019.9035749},
  language  = {english}
}

@article{bodh2016pneumatic,
  author   = {Aakash M. Bodh},
  title    = {STUDY, DESIGN AND IMPROVEMENT OF PUMPING SYSTEM EFFICIENCY OF HYDRAULIC PNEUMATIC RECIPROCATING PUMP},
  year     = {2016},
  language = {english}
}

@article{hassan2015booster,
  author   = {Jafar Mehdi Hassan and Majid Ahmed Oleiwi and Amer Abed Mansour and Walaa Mousa Hashim},
  title    = {Improving Energy Saving in Conventional Pneumatic Systems by Using Air Booster Experimentally},
  journal  = {Engineering and Technology Journal},
  year     = {2015},
  doi      = {10.30684/etj.2015.108845},
  language = {english}
}

@article{volder2010review,
  author   = {M. D. De Volder and D. Reynaerts},
  title    = {Pneumatic and hydraulic microactuators: a review},
  journal  = {Journal of Micromechanics and Microengineering},
  year     = {2010},
  volume   = {20},
  pages    = {043001},
  doi      = {10.1088/0960-1317/20/4/043001},
  language = {english}
}

@article{yaoxing2013servo,
  author   = {Shang Yaoxing},
  title    = {Study on the Pneumatic Servo Loading Characteristics of High-speed Motion Actuators},
  year     = {2013},
  language = {english}
}

@inproceedings{tanaka2013comparative,
  author    = {Yutaka Tanaka and Sayako Sakama and K. Nakano and Hiroshi Kosodo},
  title     = {Comparative Study on Dynamic Characteristics of Hydraulic, Pneumatic and Electric Motors},
  year      = {2013},
  booktitle = {ASME 2013 Dynamic Systems and Control Conference},
  doi       = {10.1115/FPMC2013-4459},
  language  = {english}
}

@inproceedings{wakana2013flexible,
  author    = {Kazuhito Wakana and Hiroaki Namari and M. Konyo and S. Tadokoro},
  title     = {Pneumatic flexible hollow shaft actuator with high speed and long stroke motion},
  booktitle = {2013 IEEE International Conference on Robotics and Automation},
  year      = {2013},
  pages     = {357-363},
  doi       = {10.1109/ICRA.2013.6630600},
  language  = {english}
}

@article{mosadegh2014soft,
  author   = {B. Mosadegh and P. Polygerinos and C. Keplinger and Sophia W Wennstedt and R. Shepherd and U. Gupta and Jongmin Shim and K. Bertoldi and C. Walsh and G. Whitesides},
  title    = {Pneumatic Networks for Soft Robotics that Actuate Rapidly},
  journal  = {Advanced Functional Materials},
  year     = {2014},
  volume   = {24},
  doi      = {10.1002/adfm.201303288},
  language = {english}
}

@article{papoutsidakis2007control,
  author   = {M. Papoutsidakis and G. Chamilothoris and A. Pipe},
  title    = {Auto-Selective Three Term Control of Position and Compliance of a Pneumatic Actuator},
  journal  = {World Academy of Science, Engineering and Technology, International Journal of Mechanical, Aerospace, Industrial, Mechatronic and Manufacturing Engineering},
  year     = {2007},
  volume   = {1},
  pages    = {97-101},
  language = {english}
}

@article{qiu2024position,
  author   = {Zhe Qiu and M. Shimizu and Zhongkui Wang and Sadao Kawamura},
  title    = {A Position Estimation Method for Pneumatic Actuators Based on Flow and Pressure Sensors},
  journal  = {IEEE Transactions on Instrumentation and Measurement},
  year     = {2024},
  volume   = {73},
  pages    = {1-9},
  doi      = {10.1109/TIM.2024.3476600},
  language = {english}
}

@article{rouzbeh2018rotary,
  author   = {Behrad Rouzbeh and G. Bone and Graham E. Ashby},
  title    = {High-Accuracy Position Control of a Rotary Pneumatic Actuator},
  journal  = {IEEE/ASME Transactions on Mechatronics},
  year     = {2018},
  volume   = {23},
  pages    = {2774-2781},
  doi      = {10.1109/TMECH.2018.2870177},
  language = {english}
}

@article{zisser2013pneumatic,
  author   = {E. Zisser},
  title    = {Position Control of a Pneumatic Actuation System},
  year     = {2013},
  language = {english}
}

@article{bone2007comparison,
  author   = {G. Bone and Shu-yan Ning},
  title    = {Experimental Comparison of Position Tracking Control Algorithms for Pneumatic Cylinder Actuators},
  journal  = {IEEE/ASME Transactions on Mechatronics},
  year     = {2007},
  volume   = {12},
  pages    = {557-561},
  doi      = {10.1109/TMECH.2007.905718},
  language = {english}
}

@inproceedings{gentile2002experimental,
  author    = {A. Gentile and N. Giannoccaro and G. Reina},
  title     = {Experimental tests on position control of a pneumatic actuator using on/off solenoid valves},
  booktitle = {2002 IEEE International Conference on Industrial Technology},
  year      = {2002},
  volume    = {1},
  pages     = {555-559},
  doi       = {10.1109/ICIT.2002.1189959},
  language  = {english}
}

@inproceedings{situm2002control,
  author   = {Z. Situm and M. Crnekovic},
  title    = {Control of a Pneumatic Actuator using Proportional Pressure Regulators},
  year     = {2002},
  language = {english}
}

@article{rao2008nonlinear,
  author   = {Zhi-Wu Rao and G. Bone},
  title    = {Nonlinear Modeling and Control of Servo Pneumatic Actuators},
  journal  = {IEEE Transactions on Control Systems Technology},
  year     = {2008},
  volume   = {16},
  pages    = {562-569},
  doi      = {10.1109/TCST.2007.912127},
  language = {english}
}

@article{cococi2021pneumatic,
  author   = {V. N. Cococi and C. Călinoiu and C. Safta},
  title    = {Pneumatic Actuator Controlled by Proportional Valve. Experimental results},
  journal  = {E3S Web of Conferences},
  year     = {2021},
  doi      = {10.1051/e3sconf/202128604010},
  language = {english}
}

@phdthesis{Grishchenko2010,
  author     = {Грищенко, Вячеслав Игоревич},
  title      = {Повышение точности быстродействующего пневмогидравлического привода механизмов машин},
  school     = {Донской государственный технический университет},
  year       = {2010},
  address    = {Ростов-на-Дону},
  type       = {Диссертация на соискание ученой степени кандидата технических наук},
  note       = {05.02.02 -- машиноведение, системы приводов и детали машин},
  language   = {russian},
  supervisor = {Сидоренко, В.С.}
}

@phdthesis{DaoTheAnh2016,
  author     = {Дао, Тхе Ань},
  title      = {Позиционный пневмопривод повышенного быстродействия и точности},
  school     = {Донской государственный технический университет},
  year       = {2016},
  address    = {Ростов-на-Дону},
  pages      = {206},
  language   = {russian},
  type       = {Ph.D. thesis},
  note       = {05.02.02 -- машиноведение, системы приводов и детали машин},
  supervisor = {Сидоренко, В.С.}
}

%%%%%%%%%%%%%%%%%%%%%%%%%%%%%%%%%%%%%%%%%%%%%%%%%%%%%%%%%%%%%%%%%%%%%%%%%%%%%%%%%%%%%%%%%%%%%%%%%%%%%%%%%%%%%%%%%%%%%%%%%%%%%%%%%%%%%%%%%%%%%%%%%%

@article{Dolgov2017,
  author   = {Долгов, Г А and Грищенко, Вячеслав Игоревич},
  title    = {Система управления позиционным пневмоприводом запорной арматуры},
  journal  = {Молодой исследователь Дона},
  volume   = {3},
  year     = {2017},
  language = {russian}
}

@article{Markov2007,
  author   = { Марков, Н А and Шипитько, И А and Змеу, К В},
  title    = {Позиционное прогнозирующее управление пневмоприводом},
  journal  = {Вологдинские чтения},
  year     = {2007},
  language = {russian}
}

@article{Pilgunov2016,
  author   = {Pil'gunov, V and Efremova, K.},
  year     = {2016},
  month    = {12},
  pages    = {1-26},
  title    = {Electro-Pneumatic Control System with Hydraulically Positioning Actuator Motor},
  volume   = {16},
  journal  = {Machines and Plants: Design and Exploiting},
  doi      = {10.7463/aplts.0616.0853436},
  language = {russian}
}

@article{An2015,
  author   = {Sidorenko, Valentin and Dao, The and Dimochkin, Denis},
  year     = {2015},
  month    = {09},
  pages    = {46-53},
  title    = {Study on positioning accuracy of automated pneumatic drive with an outer brake},
  volume   = {15},
  journal  = {Vestnik of Don State Technical University},
  doi      = {10.12737/16077},
  language = {russian}
}

@article{Korotych2023,
  author   = {Коротыч, Д А and Сидоренко, В С and Приходько, С П},
  title    = {Исследование динамических характеристик автоматизированного позиционного длинноходового пневмопривода технологического оборудования},
  journal  = {Advanced Engineering Research (Rostov-on-Don)},
  year     = {2023},
  volume   = {23},
  number   = {3},
  pages    = {283-295},
  doi      = {10.23947/2687-1653-2023-23-3-283-295},
  url      = {https://doi.org/10.23947/2687-1653-2023-23-3-283-295},
  language = {russian}
}

@inproceedings{Grishchenko2009,
  author    = {Грищенко, В И and Войтов, С И},
  title     = {Математическая модель вращательного пневмогидравлического привода механизмов для оборудования агропромышленного комплекса},
  booktitle = {Состояние и перспективы развития сельскохозяйственного машиностроения: материалы Международной научно-практической конференции в рамках 12-й международной Агропромышленной выставки <<Интерагромаш-2009>>},
  year      = {2009},
  publisher = {ГОУ Рост. гос. акад. с.-х. машиностр.},
  address   = {Ростов-на-Дону},
  pages     = {165-168},
  language  = {russian}
}

@inproceedings{Khaziev2013,
  author    = {Хазиев, Э Л},
  title     = {Система управления пневматическим роботом},
  booktitle = {Материалы Международной научно-технической конференции <<Инновационные машиностроительные технологии, оборудование и материалы - 2013>> (МНТК <<ИМТОМ-2013>>) и Форума <<Повышение конкурентоспособности и энергоэффективности машиностроительных предприятий в условиях ВТО>>},
  year      = {2013},
  volume    = {2},
  publisher = {Изд-во <<Фолиант>>},
  address   = {Казань},
  pages     = {108-111},
  language  = {russian}
}

@inproceedings{Khaziev2014,
  author    = {Хазиев, Э Л },
  title     = {Имитационное моделирование работы пневматического промышленного робота},
  booktitle = {Материалы международной научно-практической конференции <<Информационные технологии. Автоматизация. Актуализация и решение проблем подготовки высококвалифицированных кадров (ИТАП - 2014)>>},
  editor    = {Симонова, Л А and Савицкий, С К},
  publisher = {Изд-во Набережночелнинского института (филиала) ФГАОУ ВПО "Казанский (Приволжский) федеральный университет"},
  address   = {Набережные Челны},
  year      = {2014},
  pages     = {230-238},
  language  = {russian}
}

@article{Greshnyakov2016,
  author   = {Грешняков, П И},
  title    = {Совершенствование пневматической системы управления платформы Стюарта},
  journal  = {Вестник СГАУ},
  address  = {Самара},
  year     = {2016},
  volume   = {1},
  number   = {52},
  pages    = {164-170},
  language = {russian}
}

@article{Greshnyakov2013a,
  author   = {Грешняков, П И and Илюхин, В Н and Синяков, А Ф},
  title    = {Разработка и исследование характеристик дискретного пневматического регулятора давления},
  journal  = {Вестник СГАУ},
  address  = {Самара},
  year     = {2013},
  volume   = {3},
  number   = {34},
  pages    = {164-170},
  language = {russian}
}

@article{Greshnyakov2013b,
  author   = {Грешняков, П И and Шорин, В П and Свербилов, В Я and Гимадиев, А Г and Илюхин, В Н and Стадник, Д М },
  title    = {Стендовое оборудование для исследования гидропривода с дискретным регулятором потока жидкости},
  journal  = {Вестник СГАУ},
  address  = {Самара},
  year     = {2013},
  volume   = {1},
  number   = {39},
  pages    = {168-177},
  language = {russian}
}

@article{Greshniakov2016,
  author   = {Greshniakov, Pavel},
  year     = {2016},
  month    = {04},
  pages    = {151},
  title    = {Stewart platform pneumatic control system development and characteristic research},
  volume   = {15},
  journal  = {VESTNIK of the Samara State Aerospace University},
  doi      = {10.18287/2412-7329-2016-15-1-151-162},
  language = {russian}
}

@article{lugre,
  author   = {Freidovich, Leonid and Robertsson, Anders and Shiriaev, Anton and Johansson, Rolf},
  year     = {2010},
  month    = {02},
  pages    = {194 - 200},
  title    = {LuGre-Model-Based Friction Compensation},
  volume   = {18},
  journal  = {Control Systems Technology, IEEE Transactions on},
  doi      = {10.1109/TCST.2008.2010501},
  language = {english}
}

@inproceedings{pwm_transfer,
  author   = {Sype, D.M. and Gussemé, Koen and Van den Bossche, Alex and Melkebeek, J.A.},
  year     = {2004},
  month    = {07},
  pages    = {4299 - 4305 Vol.6},
  title    = {Small-signal z-domain analysis of digitally controlled converters},
  volume   = {21},
  isbn     = {0-7803-8399-0},
  journal  = {IEEE Transactions on Power Electronics - IEEE TRANS POWER ELECT},
  doi      = {10.1109/PESC.2004.1354761},
  language = {english}
}

@article{pid_pwm,
  author   = {Sang, Joshua},
  year     = {2025},
  month    = {02},
  pages    = {},
  title    = {Application of PID control},
  volume   = {1},
  journal  = {Science and Technology of Engineering, Chemistry and Environmental Protection},
  doi      = {10.61173/8c9hkg58},
  language = {english}
}

@inproceedings{sliding_surface_integral,
  author   = {Fei, Juntao},
  year     = {2009},
  month    = {09},
  pages    = {1156 - 1161},
  title    = {A Class of Adaptive Sliding Mode Controller with Integral Sliding Surface},
  journal  = {2009 IEEE International Conference on Mechatronics and Automation, ICMA 2009},
  doi      = {10.1109/ICMA.2009.5246070},
  language = {english}
}

@article{sliding_surface_terminal,
  author   = {Li, Dan and Chen, Ming and Peng, Kaixiang and Wu, Libing},
  year     = {2023},
  month    = {12},
  pages    = {1-9},
  title    = {Fixed-time tracking control of manipulators based on non-singular fast terminal sliding surface},
  volume   = {46},
  journal  = {Journal of Intelligent and Fuzzy Systems},
  doi      = {10.3233/JIFS-231664},
  language = {english}
}

@article{goodfellow2016deep,
  author   = {Heaton, Jeffrey},
  year     = {2017},
  month    = {10},
  pages    = {},
  title    = {Ian Goodfellow, Yoshua Bengio, and Aaron Courville: Deep learning: The MIT Press, 2016, 800 pp, ISBN: 0262035618},
  volume   = {19},
  journal  = {Genetic Programming and Evolvable Machines},
  doi      = {10.1007/s10710-017-9314-z},
  language = {english}
}

@article{Ghojogh2024Learning,
  author   = {Ghojogh, Benyamin and Ghodsi, Ali},
  year     = {2024},
  month    = {09},
  pages    = {},
  title    = {Backpropagation and Optimization in Deep Learning: Tutorial and Survey},
  doi      = {10.31219/osf.io/d97b3},
  language = {english}
}

@article{Zhu2021Spatial,
  author   = {Zhu, Di and Liu, Yu and Yao, Xin and Fischer, Manfred},
  year     = {2021},
  month    = {11},
  pages    = {},
  title    = {Spatial regression graph convolutional neural networks: A deep learning paradigm for spatial multivariate distributions},
  volume   = {26},
  journal  = {GeoInformatica},
  doi      = {10.1007/s10707-021-00454-x},
  language = {english}
}

@article{Zarzycki2021LSTM,
  author   = {Zarzycki, Krzysztof and Ławryńczuk, Maciej},
  year     = {2021},
  month    = {08},
  pages    = {5625},
  title    = {LSTM and GRU Neural Networks as Models of Dynamical Processes Used in Predictive Control: A Comparison of Models Developed for Two Chemical Reactors},
  volume   = {21},
  journal  = {Sensors},
  doi      = {10.3390/s21165625},
  language = {english}
}

@inproceedings{Kaur2021Variational,
  author   = {Kaur, Devinder and Islam, Shama and Mahmud, Md. Apel},
  year     = {2021},
  month    = {06},
  title    = {A Variational Autoencoder-Based Dimensionality Reduction Technique for Generation Forecasting in Cyber-Physical Smart Grids},
  doi      = {10.1109/ICCWorkshops50388.2021.9473748},
  language = {english}
}

@inproceedings{Farhadi2022Combining,
  author   = {Farhadi, Zari and Bevrani, Hossein and Feizi Derakhshi, Mohammad Reza},
  year     = {2022},
  month    = {10},
  pages    = {335-339},
  title    = {Combining Regularization and Dropout Techniques for Deep Convolutional Neural Network},
  doi      = {10.1109/GEC55014.2022.9986657},
  language = {english}
}

@article{surrogate_model,
  author   = {Cozad, Alison and Sahinidis, Nikolaos V. and Miller, David C.},
  title    = {Learning surrogate models for simulation-based optimization},
  journal  = {AIChE Journal},
  volume   = {60},
  number   = {6},
  pages    = {2211-2227},
  keywords = {design (process simulation), optimization, machine learning},
  doi      = {https://doi.org/10.1002/aic.14418},
  year     = {2014},
  language = {english}
}

@inproceedings{Barth:PWM_pneumatit,
  author   = {Barth, E.J. and Zhang, Jianlong and Goldfarb, Michael},
  year     = {2002},
  month    = {02},
  pages    = {2362 - 2367 vol.3},
  title    = {Sliding mode approach to PWM-controlled pneumatic systems},
  volume   = {3},
  isbn     = {0-7803-7298-0},
  journal  = {Proceedings of the American Control Conference},
  doi      = {10.1109/ACC.2002.1023995},
  language = {english}
}

@article{Nazari:Position_tracking,
  author   = {Nazari, Vahid and Surgenor, Brian},
  year     = {2016},
  month    = {10},
  pages    = {1376-1388},
  title    = {Improved Position Tracking Performance of a Pneumatic Actuator using a Fuzzy Logic Controller with Velocity, System Lag and Friction Compensation},
  volume   = {14},
  journal  = {International Journal of Control Automation and Systems},
  doi      = {10.1007/s12555-015-0202-0},
  language = {english}
}

@misc{he2015deepresiduallearningimage,
  title         = {Deep Residual Learning for Image Recognition},
  author        = {Kaiming He and Xiangyu Zhang and Shaoqing Ren and Jian Sun},
  year          = {2015},
  eprint        = {1512.03385},
  archiveprefix = {arXiv},
  primaryclass  = {cs.CV},
  url           = {https://arxiv.org/abs/1512.03385},
  doi           = {10.48550/arXiv.1512.03385},
  language      = {english}
}