@Patent{progbib1, 
  heading       = {Свидетельство о гос. регистрации программы для {ЭВМ}},
  author        = {Шейкин, М.О. and Черкасских, С.Н.},
  title         = {Программа управления дискретными распределителями при помощи ПИД регулятора и ШИМ},
  media         = {text},
  holder        = {заявитель ФГБОУ~ВО~<<НИУ~<<МЭИ>>},
  reqnumber     = {2024666409},
  publdate      = {2024-07-12},
  date          = {2024-07-01},
  prnumber      = {2024664956},
  prcountry     = {countryru},
  language      = {russian},
  authorprogram = {yes},
}